%@article{Morris2019,
%  doi = {10.1002/sim.8086},
%  year = {2019},
%  volume = {38},
%  number = {11},
%  pages = {2074--2102},
%  author = {Tim P. Morris and Ian R. White and Michael J. Crowther},
%  title = {Using simulation studies to evaluate statistical methods},
%  journal = {Statistics in Medicine}
%}
